
@inproceedings{alanko2023longest,
  title={Longest common prefix arrays for succinct \textit{k}-spectra},
  author={Alanko, Jarno N and Biagi, Elena and Puglisi, Simon J},
  booktitle={International Symposium on String Processing and Information Retrieval},
  pages={1--13},
  year={2023},
  organization={Springer}
}

@inproceedings{alanko2023small,
  title={Small searchable $\kappa$-spectra via subset rank queries on the spectral {Burrows-Wheeler} transform},
  author={Alanko, Jarno N and Puglisi, Simon J and Vuohtoniemi, Jaakko},
  booktitle={SIAM Conference on Applied and Computational Discrete Algorithms (ACDA23)},
  pages={225--236},
  year={2023},
  organization={SIAM}
}

@article{alanko2024finimizers,
  title={Finimizers: {V}ariable-length bounded-frequency minimizers for \textit{k}-mer sets},
  author={Alanko, Jarno N and Biagi, Elena and Puglisi, Simon J},
  journal={bioRxiv},
  pages={2024--02},
  year={2024},
  publisher={Cold Spring Harbor Laboratory}
}

@article{derelle2024seamless,
  title={Seamless, rapid, and accurate analyses of outbreak genomic data using split \textit{k}-mer analysis},
  author={Derelle, Romain and von Wachsmann, Johanna and M\"{a}klin, Tommi and Hellewell, Joel and Russell, Timothy and Lalvani, Ajit and Chindelevitch, Leonid and Croucher, Nicholas J. and Harris, Simon R. and Lees, John A.},
  journal={Genome Research},
  volume={33},
  number={7},
  pages={1198--1207},
  year={2023},
  publisher={Cold Spring Harbor Lab}
}

@article{harris2018ska,
  title={{SKA}: split kmer analysis toolkit for bacterial genomic epidemiology},
  author={Harris, Simon R},
  journal={bioRxiv},
  pages={453142},
  year={2018},
  publisher={Cold Spring Harbor Laboratory}
}

@article{li2013aligning,
  title={Aligning sequence reads, clone sequences and assembly contigs with {BWA-MEM}},
  author={Li, Heng},
  journal={arXiv preprint arXiv:1303.3997},
  year={2013}
}

@article{seemann2015snippy,
  title={Snippy: rapid haploid variant calling and core SNP phylogeny},
  author={Seemann, T},
  journal={GitHub. Available at: \url{https://github.com/tseemann/snippy}},
  year={2015}
}

%minimap2
@article{bty191,
    author = {Li, Heng},
    title = {Minimap2: pairwise alignment for nucleotide sequences},
    journal = {Bioinformatics},
    volume = {34},
    number = {18},
    pages = {3094-3100},
    year = {2018},
    month = {05},
    issn = {1367-4803},
    doi = {10.1093/bioinformatics/bty191}
}

