% agc
@article{deorowicz2023agc,
  title={{AGC}: compact representation of assembled genomes with fast queries and updates},
  author={Deorowicz, Sebastian and Danek, Agnieszka and Li, Heng},
  journal={Bioinformatics},
  volume={39},
  number={3},
  pages={btad097},
  year={2023},
  publisher={Oxford University Press}
}

% miniphy
@article{bvrinda2024efficient,
  title={Efficient and robust search of microbial genomes via phylogenetic compression},
  author={B{\v{r}}inda, Karel and Lima, Leandro and Pignotti, Simone and Quinones-Olvera, Natalia and Salikhov, Kamil and Chikhi, Rayan and Kucherov, Gregory and Iqbal, Zamin and Baym, Michael},
  journal={bioRxiv},
  pages={2023--04},
  year={2024}
}

% perfect assembly
@article{wick2023assembling,
  title={Assembling the perfect bacterial genome using {Oxford Nanopore} and {Illumina} sequencing},
  author={Wick, Ryan R and Judd, Louise M and Holt, Kathryn E},
  journal={PLOS Computational Biology},
  volume={19},
  number={3},
  pages={e1010905},
  year={2023},
  publisher={Public Library of Science San Francisco, CA USA},
}

% GTDB
@article{parks2020complete,
  title={A complete domain-to-species taxonomy for Bacteria and Archaea},
  author={Parks, Donovan H and Chuvochina, Maria and Chaumeil, Pierre-Alain and Rinke, Christian and Mussig, Aaron J and Hugenholtz, Philip},
  journal={Nature biotechnology},
  volume={38},
  number={9},
  pages={1079--1086},
  year={2020},
  publisher={Nature Publishing Group US New York},
}

% MGnify
@article{richardson2023mgnify,
  title={{MGnify}: the microbiome sequence data analysis resource in 2023},
  author={Richardson, Lorna and Allen, Ben and Baldi, Germana and Beracochea, Martin and Bileschi, Maxwell L and Burdett, Tony and Burgin, Josephine and Caballero-P{\'e}rez, Juan and Cochrane, Guy and Colwell, Lucy J and others},
  journal={Nucleic acids research},
  volume={51},
  number={D1},
  pages={D753--D759},
  year={2023},
  publisher={Oxford University Press},
}

% AllTheBacteria
@article{hunt2024allthebacteria,
  title={{AllTheBacteria} - all bacterial genomes assembled, available and searchable},
  author={Hunt, Martin and Lima, Leandro and Anderson, Daniel and Hawkey, Jane and Shen, Wei and Lees, John and Iqbal, Zamin},
  journal={bioRxiv},
  pages={2024--03},
  year={2024},
  publisher={Cold Spring Harbor Laboratory},
}

% Themisto
@article{alanko2023themisto,
    author = {Alanko, Jarno N and Vuohtoniemi, Jaakko and MÃ¤klin, Tommi and Puglisi, Simon J},
    title = {{Themisto}: a scalable colored \emph{k}-mer index for sensitive pseudoalignment against hundreds of thousands of bacterial genomes},
    journal = {Bioinformatics},
    volume = {39},
    number = {Supplement 1},
    pages = {i260-i269},
    year = {2023},
    month = {06},

    issn = {1367-4811},
    doi = {10.1093/bioinformatics/btad233},
    url = {https://doi.org/10.1093/bioinformatics/btad233},
    eprint = {https://academic.oup.com/bioinformatics/article-pdf/39/Supplement\_1/i260/50741469/btad233.pdf},
}

@article{fan2024fulgor,
  author    = {Fan, Jason and Khan, Jamshed and Singh, Noor Pratap and Pibiri, Giulio Ermanno and Patro, Rob},
  title     = {{Fulgor}: a fast and compact \emph{k}-mer index for large-scale matching and color queries},
  journal   = {Algorithms for Molecular Biology},
  year      = {2024},
  volume    = {19},
  number    = {1},
  pages     = {3},
  doi       = {10.1186/s13015-024-00251-9},
  url       = {https://doi.org/10.1186/s13015-024-00251-9},
  issn      = {1748-7188},
}

@inproceedings{alanko2023longest,
  title={Longest common prefix arrays for succinct \textit{k}-spectra},
  author={Alanko, Jarno N and Biagi, Elena and Puglisi, Simon J},
  booktitle={International Symposium on String Processing and Information Retrieval},
  pages={1--13},
  year={2023},
  organization={Springer}
}

@inproceedings{alanko2023small,
  title={Small searchable $\kappa$-spectra via subset rank queries on the spectral {Burrows-Wheeler} transform},
  author={Alanko, Jarno N and Puglisi, Simon J and Vuohtoniemi, Jaakko},
  booktitle={SIAM Conference on Applied and Computational Discrete Algorithms (ACDA23)},
  pages={225--236},
  year={2023},
  organization={SIAM}
}

@article{alanko2024finimizers,
  title={Finimizers: {V}ariable-length bounded-frequency minimizers for \textit{k}-mer sets},
  author={Alanko, Jarno N and Biagi, Elena and Puglisi, Simon J},
  journal={bioRxiv},
  pages={2024--02},
  year={2024},
  publisher={Cold Spring Harbor Laboratory}
}

@article{derelle2024seamless,
  title={Seamless, rapid, and accurate analyses of outbreak genomic data using split \textit{k}-mer analysis},
  author={Derelle, Romain and von Wachsmann, Johanna and M\"{a}klin, Tommi and Hellewell, Joel and Russell, Timothy and Lalvani, Ajit and Chindelevitch, Leonid and Croucher, Nicholas J. and Harris, Simon R. and Lees, John A.},
  journal={Genome Research},
  volume={33},
  number={7},
  pages={1198--1207},
  year={2023},
  publisher={Cold Spring Harbor Lab}
}

@article{harris2018ska,
  title={{SKA}: split kmer analysis toolkit for bacterial genomic epidemiology},
  author={Harris, Simon R},
  journal={bioRxiv},
  pages={453142},
  year={2018},
  publisher={Cold Spring Harbor Laboratory}
}

@article{li2013aligning,
  title={Aligning sequence reads, clone sequences and assembly contigs with {BWA-MEM}},
  author={Li, Heng},
  journal={arXiv preprint arXiv:1303.3997},
  year={2013}
}

@software{seemann2015snippy,
  title={Snippy: rapid haploid variant calling and core {SNP} phylogeny},
  author={Seemann, Torsten},
  publisher={GitHub},
  url={https://github.com/tseemann/snippy},
  version={4.6.0},
  year={2015}
}

%minimap2
@article{bty191,
    author = {Li, Heng},
    title = {Minimap2: pairwise alignment for nucleotide sequences},
    journal = {Bioinformatics},
    volume = {34},
    number = {18},
    pages = {3094-3100},
    year = {2018},
    month = {05},
    issn = {1367-4803},
    doi = {10.1093/bioinformatics/bty191}
}

%Are reads required data
@article{wick2025reads,
  title={Are reads required? {High-precision} variant calling from bacterial genome assemblies},
  author={Wick, Ryan R and Judd, Louise M and Stinear, Timothy P and Monk, Ian R},
  journal={Access Microbiology},
  pages={001025--v1},
  year={2025},
  publisher={Microbiology Society}
}

% E. coli hybrid assemblies
@article{arredondo2023escherichia,
  title={Plasmid-driven strategies for clone success in \textit{{Escherichia coli}}},
  author={Arredondo-Alonso, Sergio and P{\"o}ntinen, Anna K and Gama, Jo{\~a}o Alves and Gladstone, Rebecca A and Harms, Klaus and Tonkin-Hill, Gerry and Thorpe, Harry A and Simonsen, Gunnar S and Samuelsen, {\O}rjan and others},
  journal={Nature Communications},
  volume={16},
  number={2921},
  year={2025},
  publisher={Springer Nature}
}

% NORM collection
@article{gladstone2021emergence,
  title={Emergence and dissemination of antimicrobial resistance in \textit{{E}scherichia coli} causing bloodstream infections in {Norway} in 2002--17: a nationwide, longitudinal, microbial population genomic study},
  author={Gladstone, Rebecca A and McNally, Alan and P{\"o}ntinen, Anna K and Tonkin-Hill, Gerry and Lees, John A and Skyt{\'e}n, Kusti and Cl{\'e}on, Fran{\c{c}}ois and Christensen, Martin OK and Haldorsen, Bj{\o}rg C and Bye, Kristina K and others},
  journal={The Lancet Microbe},
  volume={2},
  number={7},
  pages={e331--e341},
  year={2021},
  publisher={Elsevier}
}

% Bakta
@article{schwengers2021bakta,
  title={Bakta: rapid and standardized annotation of bacterial genomes via alignment-free sequence identification},
  author={Schwengers, Oliver and Jelonek, Lukas and Dieckmann, Marius Alfred and Beyvers, Sebastian and Blom, Jochen and Goesmann, Alexander},
  journal={Microbial Genomics},
  volume={7},
  number={11},
  pages={000685},
  year={2021},
  publisher={Microbiology Society}
}

% Mummer4
@article{marccais2018mummer4,
  title={MUMmer4: A fast and versatile genome alignment system},
  author={Mar{\c{c}}ais, Guillaume and Delcher, Arthur L and Phillippy, Adam M and Coston, Rachel and Salzberg, Steven L and Zimin, Aleksey},
  journal={PLoS computational biology},
  volume={14},
  number={1},
  pages={e1005944},
  year={2018},
  publisher={Public Library of Science San Francisco, CA USA}
}

% freebayes
@article{garrison2012haplotype,
  title={Haplotype-based variant detection from short-read sequencing},
  author={Garrison, Erik and Marth, Gabor},
  journal={arXiv preprint arXiv:1207.3907},
  year={2012}
}

%IHE3034
@article{moriel2010identification,
  title={Identification of protective and broadly conserved vaccine antigens from the genome of extraintestinal pathogenic Escherichia coli},
  author={Moriel, Danilo Gomes and Bertoldi, Isabella and Spagnuolo, Angela and Marchi, Sara and Rosini, Roberto and Nesta, Barbara and Pastorello, Ilaria and Corea, Vanja A Mariani and Torricelli, Giulia and Cartocci, Elena and others},
  journal={Proceedings of the National Academy of Sciences},
  volume={107},
  number={20},
  pages={9072--9077},
  year={2010},
  publisher={National Academy of Sciences}
}

% GNU parallel
@software{tange_2024_13826092,
  author       = {Tange, Ole},
  title        = {{GNU Parallel} 20240922 ('{Gold Apollo AR924}')},
  month        = sep,
  year         = 2024,
  publisher    = {Zenodo},
  doi          = {10.5281/zenodo.13826092},
  url          = {https://doi.org/10.5281/zenodo.13826092},
}
% blast+
@article{camacho2009blast+,
  title={BLAST+: architecture and applications},
  author={Camacho, Christiam and Coulouris, George and Avagyan, Vahram and Ma, Ning and Papadopoulos, Jason and Bealer, Kevin and Madden, Thomas L},
  journal={BMC bioinformatics},
  volume={10},
  pages={1--9},
  year={2009},
  publisher={Springer}
}

% bwa-mem2
@inproceedings{vasimuddin2019efficient,
  title={Efficient architecture-aware acceleration of {BWA-MEM} for multicore systems},
  author={Vasimuddin, Md and Misra, Sanchit and Li, Heng and Aluru, Srinivas},
  booktitle={2019 IEEE international parallel and distributed processing symposium (IPDPS)},
  pages={314--324},
  year={2019},
  organization={IEEE}
}

% samtools
@article{10.1093/gigascience/giab008,
    author = {Danecek, Petr and Bonfield, James K and Liddle, Jennifer and Marshall, John and Ohan, Valeriu and Pollard, Martin O and Whitwham, Andrew and Keane, Thomas and McCarthy, Shane A and Davies, Robert M and Li, Heng},
    title = "{Twelve years of SAMtools and BCFtools}",
    journal = {GigaScience},
    volume = {10},
    number = {2},
    year = {2021},
    month = {02},
    abstract = "{SAMtools and BCFtools are widely used programs for processing and analysing high-throughput sequencing data. They include tools for file format conversion and manipulation, sorting, querying, statistics, variant calling, and effect analysis amongst other methods.The first version appeared online 12 years ago and has been maintained and further developed ever since, with many new features and improvements added over the years. The SAMtools and BCFtools packages represent a unique collection of tools that have been used in numerous other software projects and countless genomic pipelines.Both SAMtools and BCFtools are freely available on GitHub under the permissive MIT licence, free for both non-commercial and commercial use. Both packages have been installed \\&gt;1 million times via Bioconda. The source code and documentation are available from https://www.htslib.org.}",
    issn = {2047-217X},
    doi = {10.1093/gigascience/giab008},
    url = {https://doi.org/10.1093/gigascience/giab008},
    note = {giab008},
    eprint = {https://academic.oup.com/gigascience/article-pdf/10/2/giab008/36332246/giab008.pdf},
}